
@misc{alimentacion,
    author  = {FSA},
    title   = {Incidencia de la alergia alimentaria},
    url     = {https://funsapa.org/alergia-alimentaria/incidencia/}
}

@article{wolniak2017design,
  title={The Design Thinking method and its stages},
  author={Wolniak, Rados{\l}aw},
  journal={Systemy Wspomagania w In{\.z}ynierii Produkcji},
  volume={6},
  number={6},
  pages={247--255},
  year={2017},
  publisher={STE GROUP}
}

@online{bunyakiati2017cherry,
  title = {Cherry-picking of code commits in long-running, multi-release software},
  author={Bunyakiati, Panuchart and Phipathananunth, Chadarat},
  booktitle={Proceedings of the 2017 11th Joint Meeting on Foundations of Software Engineering},
  pages={994--998},
  year={2017}
}

@inproceedings{gasparini2015perspective,
  title={Perspective and use of empathy in design thinking},
  author={Gasparini, Andrea},
  booktitle={ACHI, the eight international conference on advances in computer-human interactions},
  pages={49--54},
  year={2015}
}


@mastersthesis{polkhovskiy2016comparison,
  title={Comparison between continuous integration tools},
  author={Polkhovskiy, Denis},
  year={2016}
}
